@BOOK{ILL,
  title = {Neutron, X-rays and Light. Scattering Methods Applied to Soft Condensed Matter},
  publisher = {North-Holland},
  year = {2002},
  author = {P. Lindner and Th. Zemb},
  address = {Amsterdam}
}

@BOOK{JCNS,
  title = {Neutron Spin Echo in Polymer Systems},
  publisher = {Springer},
  year = {2005},
  author = {Richter, D. and Monkenbusch, M. and Arbe, A. and Colmenero, J.},
  address = {Berlin}
}

@proceedings{Mezei1980,
  title     = {Neutron Spin Echo},
  editor    = {Ferenc Mezei},
  year      = {1980},
  publisher = {Springer-Verlag},
  address   = {Berlin},
  series    = {Proceedings of a Laue-Langevin Institut Workshop Grenoble, October 15–16, 1979}
}


@book{Mezei2003,
  editor    = {Ferenc Mezei and Catherine Pappas and Thomas Gutberlet},
  title     = {Neutron Spin Echo Spectroscopy: Basics, Trends and Applications},
  year      = {2003},
  publisher = {Springer},
  series    = {Lecture Notes in Physics},
  volume    = {601},
  address   = {Berlin}
}


@article{Falus2015,
  title={The \textrm{IN}15 upgrade},
  author={Farago, B. and Falus, P. and Hoffmann, I. and Gradzielski, M. and Thomas, F. and Gomez, C.},
  journal={Neutron News},
  volume={26},
  pages={15-17},
  year={2015}
}

@article{pasini2019nse,
  title={J-\textrm{NSE-P}hoenix, a neutron spin-echo spectrometer with optimized superconducting precession coils at the MLZ in Garching},
  author={Pasini, S. and Holderer, O. and Kozielewski, T. and Richter, D. and Monkenbusch, M.},
  journal={Rev. Sci. Instrum.},
  volume={90},
  number={043107},
  year={2019}
}


@article{Farago2015,
  author = {Farago, B. and Gradzielski, M.},
  title = {Recent Advances in Neutron Spin Echo Spectroscopy for Soft Matter Studies},
  journal = {J. Phys. Condens. Matter},
  volume = {27},
  pages = {403101},
  year = {2015}
}

@article{Richter2005,
  author = {Richter, D. and Monkenbusch, M. and Arbe, A. and Colmenero, J.},
  title = {Neutron Spin Echo in Polymer Science},
  journal = {Adv. Polym. Sci.},
  volume = {174},
  pages = {1--221},
  year = {2005}
}

@article{Zhang2017,
  author = {Zhang, F. and Zaccarelli, E. and Roosen-Runge, F. and Wolf, M. and et al.},
  title = {Dynamical Properties of Concentrated Protein Solutions Investigated by Neutron Spin Echo Spectroscopy},
  journal = {Soft Matter},
  volume = {13},
  pages = {5117--5127},
  year = {2017}
}

@article{Nickels2015,
  author = {Nickels, J. D. and Katsaras, J. and Cheng, X. and et al.},
  title = {Collective Dynamics of Lipid Membranes Measured by Neutron Spin Echo Spectroscopy},
  journal = {Soft Matter},
  volume = {11},
  pages = {3161--3171},
  year = {2015}
}

@article{Wuttke2000,
  author = {Wuttke, J.},
  title = {Polarization Analysis in Neutron Spin Echo Spectroscopy},
  journal = {Phys. Rev. E},
  volume = {62},
  pages = {6531--6540},
  year = {2000}
}

@article{Ohl2012,
  author = {Ohl, M. and Monkenbusch, M. and Richter, D.},
  title = {Neutron Spin Echo: Achievements and Perspectives},
  journal = {J. Large-Scale Res. Facil.},
  volume = {48},
  pages = {302--315},
  year = {2012}
}

@book{Sivia2006,
  author = {Sivia, D. S. and Skilling, J.},
  title = {Data Analysis: A Bayesian Tutorial},
  publisher = {Oxford University Press},
  address = {Oxford},
  year = {2006}
}

@book{Gelman2013,
  author = {Gelman, A. and Carlin, J. B. and Stern, H. S. and Dunson, D. B. and Vehtari, A. and Rubin, D. B.},
  title = {Bayesian Data Analysis},
  publisher = {CRC Press},
  address = {Boca Raton},
  edition = {3rd},
  year = {2013}
}

@book{Nievergelt2000,
  author = {Yves Nievergelt},
  title = {Prony's Method: A Mathematical Perspective},
  publisher = {Springer},
  address = {Boston},
  year = {2000}
}

@book{Pereyra2010,
  author = {Victor Pereyra and Godela Scherer},
  title = {Exponential Data Fitting and Its Applications},
  publisher = {Bentham Science},
  address = {Sharjah},
  year = {2010}
}

@article{Mayumi2025,
  author = {Koichi Mayumi and Tatsuro Oda and Shinya Miyajima and Ippei Obayashi and Kazuaki Tanaka},
  title = {Error evaluation of partial scattering functions obtained from contrast-variation small-angle neutron scattering},
  journal = {J. Appl. Cryst.},
  volume = {58},
  pages = {4--17},
  year = {2025}
}

@article{Williams1996,
  author = {Williams, C. K. I. and Rasmussen, C. E.},
  title = {Gaussian Processes for Regression},
  journal = {Neural Comput.},
  volume = {8},
  pages = {567--610},
  year = {1996}
}

@article{Noack2021Gaussian,
  author = {Noack, M. M. and Gavish, M. and Sahiner, A. and Hamel, S. and Galli, G. and Deslippe, J.},
  title = {Gaussian Process Regression for Data-Driven Spectral Interpolation and Extrapolation},
  journal = {J. Chem. Phys.},
  volume = {154},
  pages = {125102},
  year = {2021}
}

@book{Tschoegl,
  title     = {The Phenomenological Theory of Linear Viscoelastic Behavior: An Introduction},
  author    = {Nicholas W. Tschoegl},
  year      = {1989},
  publisher = {Springer-Verlag},
  address   = {Berlin}
}

@Article{         harris2020array,
 title         = {Array programming with {NumPy}},
 author        = {Charles R. Harris and K. Jarrod Millman and St{\'{e}}fan J.
                 van der Walt and Ralf Gommers and Pauli Virtanen and David
                 Cournapeau and Eric Wieser and Julian Taylor and Sebastian
                 Berg and Nathaniel J. Smith and Robert Kern and Matti Picus
                 and Stephan Hoyer and Marten H. van Kerkwijk and Matthew
                 Brett and Allan Haldane and Jaime Fern{\'{a}}ndez del
                 R{\'{i}}o and Mark Wiebe and Pearu Peterson and Pierre
                 G{\'{e}}rard-Marchant and Kevin Sheppard and Tyler Reddy and
                 Warren Weckesser and Hameer Abbasi and Christoph Gohlke and
                 Travis E. Oliphant},
 year          = {2020},
 journal       = {Nature},
 volume        = {585},
 pages         = {357--362}
}

@article{mauro2018prony,
  title={On the Prony series representation of stretched exponential relaxation},
  author={Mauro, John C and Mauro, Yihong Z},
  journal={Physica A: Statistical Mechanics and its Applications},
  volume={506},
  pages={75--87},
  year={2018},
  publisher={Elsevier}
}

@book{Simmonds1994,
  author    = {James G. Simmonds},
  title     = {A Brief on Tensor Analysis},
  publisher = {Springer},
  address   = {New York},
  year      = {1994}
}

@article{vanhove1954,
  author = {Van Hove, Léon},
  title = {Correlations in Space and Time and Born Approximation Scattering in Systems of Interacting Particles},
  journal = {Phys. Rev.},
  volume = {95},
  pages = {249-262},
  year = {1954}
}

@book{dirac1958,
  author = {P. A. M. Dirac},
  title = {The Principles of Quantum Mechanics},
  edition = {4th},
  publisher = {Oxford University Press},
  address = {Oxford},
  year = {1958}
}

@book{schiff1968,
  author = {Leonard I. Schiff},
  title = {Quantum Mechanics},
  edition = {3rd},
  publisher = {McGraw-Hill},
  address = {New York},
  year = {1968}
}

@book{jeffreys1939,
  author    = {Harold Jeffreys},
  title     = {Theory of Probability},
  edition   = {3rd},
  year      = {1961},
  publisher = {Oxford University Press},
  address   = {Oxford, UK}
}

@article{williams1998prediction,
  author    = {Christopher K. I. Williams and David Barber},
  title     = {Bayesian classification with Gaussian processes},
  journal   = {IEEE Trans. Pattern Anal. Mach. Intell.},
  volume    = {20},
  number    = {12},
  pages     = {1342--1351},
  year      = {1998},
  publisher = {IEEE}
}

@article{williams1996gaussian,
  author    = {Christopher K. I. Williams and Carl Edward Rasmussen},
  title     = {Gaussian processes for regression},
  journal   = {Adv. Neural Inf. Process. Syst.},
  volume    = {8},
  pages     = {514--520},
  year      = {1996}
}

@book{GPR,
  title={Gaussian Processes for Machine Learning},
  author={Rasmussen, Carl Edward and Williams, Christopher KI},
  year={2006},
  publisher={MIT Press},
  address = {Cambridge}
}

@article{Deringer2021Gaussian,
  author = {V. L. Deringer and A. P. Bartók and N. Bernstein and D. M. Wilkins and M. Ceriotti and G. Csányi},
  title = {Gaussian Process Regression for Materials and Molecules},
  journal = {Chem. Rev.},
  year = {2021},
  volume = {121},
  number = {16},
  pages = {10073-10141}
}

@article{rouse1953,
  author = {Rouse, P. E.},
  title = {A Theory of the Linear Viscoelastic Properties of Dilute Solutions of Coiling Polymers},
  journal = {J. Chem. Phys.},
  volume = {21},
  pages = {1272-1280},
  year = {1953}
}

@article{Bayesian1,
title = {Bayesian inference of metal oxide ultrathin
film structure based on crystal truncation rod measurements},
author = {Anada, M. and Nakanishi-Ohno, Y. and Okada, M. and Kimura, T. and Wakabayashi, Y.},
journal = {J. Appl. Cryst.},
pages = {1611--1616},
volume = {50},
year = {2017}
}

@article{Bayesian2,
title = {Bayesian Hamiltonian Selection in X-ray Photoelectron Spectroscopy},
author = {Mototake, Y.-i. and Mizumaki, M. and Akai, I. and Okada, M.},
journal = {J. Phys. Soc. Jpn.},
pages = {034004},
volume = {88},
year = {2019}
}

@ARTICLE{Bayesian3,
  author  = {Chang, M.-C. and Tung, C.-H. and Chang, S.-Y. and Carrillo, J.-M. and Wang, Y. and Sumpter, B. G. and Huang, G.-R. and Do, C. and Chen, W.-R.},
  title = {A machine learning inversion scheme for determining interaction from scattering},
  journal = {Commun. Phys.}, 
  volume  = {5},
  year    = {2022},
  pages   = {1–8}
}
@article{GPRcolloid,
  title={Machine Learning-Informed Scattering Correlation Analysis of Sheared Colloids},
  author={Ding, Lijie and Chen, Yihao and Do, Changwoo},
  journal={arXiv preprint arXiv:2412.07926},
  year={2024}
}
@article{GPRladder,
  title={Machine learning-assisted profiling of ladder polymer structure using scattering},
  author={Ding, Lijie and Tung, Chi-Huan and Cao, Zhiqiang and Ye, Zekun and Gu, Xiaodan and Xia, Yan and Chen, Wei-Ren and Do, Changwoo},
  journal={arXiv preprint arXiv:2411.00134},
  year={2024}
}
@article{GPRcharge,
  title={Machine Learning Inversion from Small-Angle Scattering for Charged Polymers},
  author={Ding, Lijie and Tung, Chi-Huan and Carrillo, Jan-Michael Y and Chen, Wei-Ren and Do, Changwoo},
  journal={arXiv preprint arXiv:2501.14647},
  year={2025}
}
@article{GPRmechanical,
  title={Machine learning inversion from scattering for mechanically driven polymers},
  author={Ding, Lijie and Tung, Chi-Huan and Sumpter, Bobby G and Chen, Wei-Ren and Do, Changwoo},
  journal={arXiv preprint arXiv:2410.05574},
  year={2024}
}

@ARTICLE{GPRdiblock,
  author  = {Tung, C.-H. and Chang, S.-Y. and Chen, H.-L. and Wang, Y. and Hong, K. and Carrillo, J.-M. and Sumpter, B. G. and Shinohara, Y. and Do, C. and Chen, W.-R.},
  title = {Small angle scattering of diblock copolymers profiled by machine learning},
  journal = {J. Chem. Phys.}, 
  volume  = {156},
  year    = {2022},
  pages   = {131101}
}

@article{Mezei1987,
  author = {F. Mezei and W. Knaak and B. Farago},
  title = {Neutron spin echo study of dynamic correlations near liquid-glass transition},
  journal = {Phys. Scr.},
  volume = {1987},
  number = {T19B},
  pages = {363-368},
  year = {1987},
}

@article{Phillips1996,
  author = {J. C. Phillips},
  title = {Stretched exponential relaxation in molecular and electronic glasses},
  journal = {Rep. Prog. Phys.},
  volume = {59},
  number = {9},
  pages = {1133-1207},
  year = {1996},
}

@article{Bruckel2020,
  author = {Thomas Brückel and Thomas Gutberlet and Sebastian Schmidt and Christiane Alba-Simionesco and Frédéric Ott and Alain Menelle},
  title     = {Low energy accelerator-driven neutron facilities—A prospect for a brighter future for research with neutrons},
  journal   = {Neutron News},
  volume    = {31},
  pages     = {14-19},
  year      = {2020}
}

@book{Baron2016,
  author    = {Alfred Q. R. Baron},
  title     = {Inelastic X-ray Scattering and Applications},
  publisher = {Springer},
  address   = {Cham},
  year      = {2016},
  series    = {Springer Series in Optical Sciences},
  volume    = {125}
}

@incollection{Plazanet2025,
  author    = {M. Plazanet and T. Seydel},
  title     = {Quasi-Elastic Neutron Scattering Spectroscopy: Characterization of Relaxation Modes at the Molecular Scale},
  booktitle = {Neutrons, X-rays, and Light: Scattering Methods Applied to Soft Condensed Matter},
  publisher = {Elsevier},
  pages = {741--776}, 
  address   = {Amsterdam},
  year      = {2025}
}

@book{Boutin1968,
  author    = {Henri Boutin and Sidney Yip},
  title     = {Molecular Spectroscopy with Neutrons},
  publisher = {MIT Press},
  address   = {Cambridge},
  year      = {1968}
}

@article{Parker2024,
  title = {A Vision for the Future of Neutron Scattering and Muon Spectroscopy in the 2050s},
  author = {Stewart F. Parker and Peter J. Baker and Robert McGreevy},
  journal = {ACS Phys. Chem. Au},
  volume = {4},
  pages = {439--452},
  year = {2024}
}

@article{Ott2020,
  author       = {Frédéric Ott and Alain Menelle and Christiane Alba-Simionesco},
  title        = {SONATE, a French CANS for Materials Sciences Research},
  journal   = {Neutron News},
  volume    = {31},
  pages     = {26-31},
  year      = {2020}
}

@book{Press1992,
  author    = {William H. Press and Saul A. Teukolsky and William T. Vetterling and Brian P. Flannery},
  title     = {Numerical Recipes in C: The Art of Scientific Computing},
  edition   = {2},
  year      = {1992},
  publisher = {Cambridge University Press},
  address   = {Cambridge},
}

@article{Shannon,
  title={A mathematical theory of communication},
  author={Shannon, Claude E},
  journal={BSTJ},
  volume={27},
  number={3},
  pages={379--423},
  year={1948},
  publisher={Bell Telephone Laboratories}
}